@misc{kinect,
  author={Kinect},
  year={2015},
  url={http://www.xbox.com/en-US/xbox-one/accessories/kinect-for-xbox-one}
}
