@book{textbook,
 author = {Craig, John J.},
 title = {Introduction to Robotics: Mechanics and Control},
 year = {1989},
 isbn = {0201543613},
 edition = {3rd},
 publisher = {Pearson Prentice Hall},
 address = {Upper Saddle River, NJ, USA},
} 






