@misc{opencv,
  author={OpenCV},
  title={OpenCV: Open Source Computer Vision},
  year={2015},
  url={http://opencv.org/}
}
@misc{ros,
  author={Open Source Robotics Foundation},
  title={ROS: Robot Operating System},
  year={2015},
  url={http://www.ros.org/}
}
@misc{googlecar,
  author={Google},
  title={Google Self-Driving Car Project},
  year={2015},
  url={https://www.google.com/selfdrivingcar/}
}
@misc{3dr,
  author={3DR},
  title={SHIFT: Computer Vision for Drones},
  year={2015},
  url={https://3drobotics.com/shift-computer-vision-drones/}
}
@misc{ps3eye,
  author={SONY},
  title={PS3 EYE CAMERA},
  year={2015},
  url={http://www.sony.co.in/product/playstation+eye}
}
@article{bishop,
	author = {Bishop, B. E. and Spong, M. W.},
	title =  {Vision-Based Control of an Air Hockey Playing Robot}, 
	journal = {IEEE Control Systems},
	volume = {19},
    number = {3},
    pages = {23-32},
	month = {June},
	year = {1999},
    publisher = {IEEE}
}
@inproceedings{wang,
	author = {Wen-June Wang and I-Da Tsai and Zhi-Da Chen and Guo-Hua Wang},
	title =  {A Vision Based Air Hockey System with Fuzzy Control}, 
	booktitle = {International Conference on Control Applications},
    year = {2002},
    pages = {754-759},
    publisher = {IEEE}
}
@inproceedings{ghazvini,
	author = {Ghazvini, S.A. and Moradi, H. and Ahmadabadi, M.N. and Araabi,  B.},
	title =  {Fast Outcome Prediction based on Slow Cause Estimation: A human Inspired Approach in Air hockey game}, 
	booktitle = {IEEE International Conference on Robotics and Biomimetics (ROBIO)},
	month = {December},    
    year = {2011},
    pages = {2810-2815},
    publisher = {IEEE}
}
@inproceedings{alizadeh,
	author = {Alizadeh, H. and Moradi, H. and Ahmadabadi, M.N.},
	title =  {Automatic Calibration of an Air Hockey Robot}, 
	booktitle = {IEEE International Conference on Robotics and Biomimetics (ROBIO)},
	month = {February},    
    year = {2013},
    pages = {107-112},
    publisher = {IEEE}
}
@inproceedings{marra,
	author = { Marra, C. and Cattenazzi, D. and Masinovic, A. and Zheng, J.},
	title =  {Design and Implementation of a Vision-Based Robotic Air Hockey Table}, 
	booktitle = {6th International Conference on Modelling, Identification, and Control (ICMIC)},
	month = {Decemeber},    
    year = {2014},
    pages = {105-110},
    publisher = {IEEE}
}
@inproceedings{lu,
	author = {Lu, Y. and Guo, C. and Ikenaga, T.},
	title =  {Estimation-Correction Scheme based Articulated Object Tracking using SIFT Features and Mean Shift Algorithm}, 
	booktitle = {4th International Conference on New Trends in Information Science and Service Science (NISS)},
	month = {May},    
    year = {2010},
    pages = {275-280},
    publisher = {IEEE}
}
@inproceedings{rahman,
	author = {Rahman M.D., S. and Saha, A. and Khanum, S.},
	title =  {Multi-Object Tracking in Video Sequences Based on Background Subtraction
and SIFT Feature Matching}, 
	booktitle = {4th International Conference on Computer Sciences and Convergence Information Technology (ICCIT)},
	month = {November},    
    year = {2009},
    pages = {457-462},
    publisher = {IEEE}
}
@inproceedings{aliane,
	author = {Aliane, N. and Fern√°ndez, J. and Bemposta, S. and Mata, M.},
	title =  {Traffic Violation Alert and Management}, 
	booktitle = {14th International IEEE Conference on Intelligent Transportation Systems (ITSC)},
	month = {October},    
    year = {2011},
    pages = {1716-1720},
    publisher = {IEEE}
}
@inproceedings{iguchi,
	author = {Iguchi, T. and Katsuyama, N. and Noborio, H. and Hirai, S.},
	title =  {Computing and Calibrating Collision Impulses and its Application for Air Hockey Game}, 
	booktitle = {IEEE/RSJ International Conference on Intelligent Robots and Systems},
    month = {October},
    year = {2002},
    pages = {2219-2226},
    publisher = {IEEE}
}
@inproceedings{bhame,
	author = {Bhame, V. and Sreemathy, R. and Dhumal, H.},
	title =  {Vision Based Hand Gesture Recognition Using Eccentric Approach for Human Computer Interaction}, 
	booktitle = {International Conference on Advances in Computing, Communications, and Informatics (ICACCI)},
	month = {September},    
    year = {2014},
    pages = {949-953},
    publisher = {IEEE}
}
@inproceedings{namiki,
	author = {Namiki, A. and Matsushita, S. and Ozeki, T. and Nonami, K.},
	title =  {Hierarchical Processing Architecture for an Air-Hockey Robot System}, 
	booktitle = {IEEE International Conference on Robotics and Automation (ICRA)},
	month = {May},    
    year = {2013},
    pages = {1187-1192},
    publisher = {IEEE}
}






